@book{TwainMark1905,
url = {https://archive.org/details/kingleopoldssoli00twaiuoft/page/n1/mode/2up},
date = {1905},
title = {King Leopold's soliloquy; a defense of his Congo rule},
author = {given={Mark}, family={Twain}}
}

@online{OdewahnAndrew20210619T14:43:08Z,
url = {https://github.com/odewahn/computational-publishing},
date = {2021-06-19T14:43:08Z},
title = {Computational Publishing with Jupyter},
author = {given={Andrew}, family={Odewahn}}
}

@article{KayAlan1972,
date = {1972},
title = {A Personal Computer for Children of All Ages},
author = {given={Alan}, family={Kay}},
journaltitle = {ACM National Conference}
}

@online{EngelbertDouglas1968,
url = {https://www.youtube.com/watch?v=yJDv-zdhzMY},
date = {1968},
title = {The Mother of All Demos},
author = {given={Douglas}, family={Engelbert}}
}

@book{KnuthDonald1992,
url = {https://www-cs-faculty.stanford.edu/~knuth/lp.html},
date = {1992},
isbn = {0-937073-80-6},
title = {Literate Programming},
author = {given={Donald}, family={Knuth}}
}

@book{ReagleJoseph2012,
url = {https://reagle.org/joseph/2010/gfc/chapter-2.html},
date = {2012},
title = {Good faith collaboration: the culture of Wikipedia},
author = {given={Joseph }, family={Reagle}}
}

@book{OtletPaul1934,
url = {https://archive.org/details/OtletTraitDocumentationUgent},
date = {1934},
title = {Traité de documentation : le livre sur le livre, théorie et pratique},
author = {given={Paul}, family={Otlet}}
}

@article{BushVannevar19450701,
entrysubtype = {newspaper},
url = {https://www.theatlantic.com/magazine/archive/1945/07/as-we-may-think/303881/},
date = {1945-07-01},
title = {As We May Think},
author = {given={Vannevar}, family={Bush}},
journaltitle = {The Atlantic}
}